%% report.bib - contains BiBtex input for bibliography'


@INPROCEEDINGS{Alvaro2013,
 author = {Alvaro, Francisco and Zanibbi, Richard},
 title = {A Shape-based Layout Descriptor for Classifying Spatial Relationships in Handwritten Math},
 booktitle = {Proceedings of the 2013 ACM Symposium on Document Engineering},
 series = {DocEng '13},
 year = {2013},
 isbn = {978-1-4503-1789-4},
 location = {Florence, Italy},
 pages = {123--126},
 numpages = {4},
 url = {http://doi.acm.org/10.1145/2494266.2494315},
 doi = {10.1145/2494266.2494315},
 acmid = {2494315},
 publisher = {ACM},
 address = {New York, NY, USA},
 keywords = {math recognition, shape descriptors, spatial relationship classification},
} 



@misc{URL1,

  howpublished = "\url{http://www.cs.rit.edu/~dprl/CROHMELib_LgEval_Doc.html#data.}",

}
@article{URL12,
author = {Mason, John E. and Schott, John R. and Rankin-Parobek, Donna},
title = {Validation analysis of the thermal and radiometric integrity of RIT's synthetic image generation model, DIRSIG},
volume = {},
number = {},
pages = {474-487},
year = {1994},
doi = {10.1117/12.177938},
URL = { + http://www.cs.rit.edu/~dprl/CROHMELib_LgEval_Doc.html},
eprint = {}
}

@article{Marcus2009,
Author = {Marcus Eichenberger-Liwicki and H. Bunke},
Title = {Feature Selection for HMM and BLSTM based Handwriting Recognition of Whiteboard Notes},
Year = {2009},
Publisher = {o.A.},
Volume = {23},
Pages = {907-923},
Journal = {International Journal on Pattern Recognition and Artificial Intelligence},
Number = {5}
}

@INPROCEEDINGS{Lei2013, 
author={Lei Hu and Zanibbi, R.}, 
booktitle={Document Analysis and Recognition (ICDAR), 2013 12th International Conference on}, 
title={Segmenting Handwritten Math Symbols Using AdaBoost and Multi-scale Shape Context Features}, 
year={2013}, 
pages={1180-1184}, 
keywords={feature extraction;handwriting recognition;image classification;image segmentation;learning (artificial intelligence);principal component analysis;rendering (computer graphics);AdaBoost;CROHME 2012 dataset;PCA;confidence weighted prediction;current stroke;dimensionality reduction;global shape context features;handwritten math symbol segmentation;handwritten mathematical expression preprocessing;local neighborhood shape context features;multiscale shape context feature;nearest neighbor strokes;online handwritten mathematical expression rendering;principal component analysis;stroke pair geometric features;symbol classification scores;time series;Context;Grammar;Hidden Markov models;Shape;Testing;Text analysis;Training;AdaBoost;math symbol segmentation;multi-scale shape context features}, 
doi={10.1109/ICDAR.2013.239}, 
ISSN={1520-5363},}

@INPROCEEDINGS{Lei2011, 
author={Lei Hu and Zanibbi, R.}, 
booktitle={Document Analysis and Recognition (ICDAR), 2011 International Conference on}, 
title={HMM-Based Recognition of Online Handwritten Mathematical Symbols Using Segmental K-Means Initialization and a Modified Pen-Up/Down Feature}, 
year={2011}, 
pages={457-462}, 
keywords={Gaussian processes;handwritten character recognition;hidden Markov models;probability;Gaussian mixture model;HMM-based recognition;dynamic time warping algorithm;hidden Markov model;multistroke symbols;observation probability distribution;online handwritten mathematical symbol;pen-up/down feature;segmental K-means initialization;Feature extraction;Handwriting recognition;Heuristic algorithms;Hidden Markov models;Mathematical model;Training;Vectors;Hidden Markov Model;mathematical symbol recognition;segmental K-means}, 
doi={10.1109/ICDAR.2011.98}, 
ISSN={1520-5363},}

@article{Chang2011,
 author = {Chang, Chih-Chung and Lin, Chih-Jen},
 title = {{LIBSVM}: A library for support vector machines},
 journal = {ACM Transactions on Intelligent Systems and Technology},
 volume = {2},
 issue = {3},
 year = {2011},
 pages = {27:1--27:27},
}

@article{Todd2010, 
	author = "Todd Updike, Chris Comp", 
	title  = "Radiometric Use of WorldView-2 Imagery. Technical Note", 
	journal= "DigitalGlobeÂ®",  
	year   = "2010"	}
	
@article{Mason1994,
author = {Mason, John E. and Schott, John R. and Rankin-Parobek, Donna},
title = {Validation analysis of the thermal and radiometric integrity of RIT's synthetic image generation model, DIRSIG},
volume = {},
number = {},
pages = {474-487},
year = {1994},
doi = {10.1117/12.177938},
URL = { + http://dx.doi.org/10.1117/12.177938},
eprint = {}
}

@ARTICLE{Stefanou2009, 
author={Stefanou, M.S. and Kerekes, J.P.}, 
journal={Geoscience and Remote Sensing, IEEE Transactions on}, title={A Method for Assessing Spectral Image Utility}, 
year={2009}, 
volume={47}, 
number={6}, 
pages={1698-1706}, 
keywords={geophysical signal processing;geophysical techniques;image processing;object detection;remote sensing;airborne hyperspectral images;panchromatic image utility;receiver operating curve;spectral image utility;subpixel target detection;Hyperspectral imagery;object detection;spectral image analysis;spectral image utility}, 
doi={10.1109/TGRS.2008.2006364}, 
ISSN={0196-2892},}

@ARTICLE{Kerekes2008, 
author={Kerekes, J.}, 
journal={Geoscience and Remote Sensing Letters, IEEE}, title={Receiver Operating Characteristic Curve Confidence Intervals and Regions}, 
year={2008}, 
volume={5}, 
number={2}, 
pages={251-255}, 
keywords={object detection;radar imaging;sensitivity analysis;synthetic aperture radar;confidence interval;detection probability;hyperspectral imagery;receiver operating characteristic curve;synthetic aperture radar imagery;target detection;Confidence intervals;confidence regions;receiver operating characteristic (ROC) curves;target detection}, 
doi={10.1109/LGRS.2008.915928}, 
ISSN={1545-598X},}

